%% 参考文献数据库
@phdthesis{王兰芬2010Swarm,
  title  = {Swarm突现计算模型的稳定性研究},
  author = {王兰芬},
  school = {重庆邮电大学},
  year   = {2010}
}

@book{谢希仁2006计算机网络教程,
  title     = {计算机网络教程(第2版)},
  author    = {谢希仁},
  publisher = {计算机网络教程(第2版)},
  year      = {2006}
}

@article{吕学勤2013求解,
  title   = {求解0/1背包问题的自适应遗传退火算法},
  author  = {吕学勤 and 陈树果 and 林静},
  journal = {重庆邮电大学学报(自然科学版)},
  volume  = {25},
  number  = {001},
  pages   = {138-142},
  year    = {2013}
}

@inproceedings{LSGAN,
  author    = {Mao, Xudong and Li, Qing and Xie, Haoran and Lau, Raymond Y.K. and Wang, Zhen and Paul Smolley, Stephen},
  title     = {Least Squares Generative Adversarial Networks},
  booktitle = {Proceedings of the IEEE International Conference on Computer Vision (ICCV)},
  pages     = {2794--2802},
  address   = {Venice,Italy},
  year      = {2017}
}

@online{DCGAN,
  author     = {Alec Radford and
                Luke Metz and
                Soumith Chintala},
  title      = {Unsupervised Representation Learning with Deep Convolutional Generative
                Adversarial Networks},
  year       = {2015},
  modifydate = {2016-1-7},
  citedate   = {2023-3-4},
  url        = {https://arxiv.org/abs/1511.06434}
}

@article{MR-GAN,
  author  = {Li, Qunwei and Kailkhura, Bhavya and Anirudh, Rushil and Zhang, Jize and Zhou, Yi and Liang, Yingbin and Han, T. Yong-Jin and Varshney, Pramod K.},
  title   = {MR-GAN: Manifold Regularized Generative Adversarial Networks for Scientific Data},
  journal = {SIAM Journal on Mathematics of Data Science},
  volume  = {3},
  number  = {4},
  pages   = {1197-1222},
  year    = {2021}
}